@article{xu2019understanding,
  title   = {Understanding and improving layer normalization},
  author  = {Xu, Jingjing and Sun, Xu and Zhang, Zhiyuan and Zhao, Guangxiang and Lin, Junyang},
  journal = {Advances in Neural Information Processing Systems},
  volume  = {32},
  year    = {2019}
}

@article{ba2016layer,
  title   = {Layer normalization},
  author  = {Ba, Jimmy Lei and Kiros, Jamie Ryan and Hinton, Geoffrey E},
  journal = {arXiv preprint arXiv:1607.06450},
  year    = {2016}
}

@misc{rope-eleutherai,
  title        = {Rotary Embeddings: A Relative Revolution},
  author       = {Biderman, Stella and Black, Sid and Foster, Charles and Gao, Leo and Hallahan, Eric and He, Horace and Wang, Ben and Wang, Phil},
  howpublished = {\url{blog.eleuther.ai/}},
  note         = {[Online; accessed ]},
  year         = {2021}
}

@misc{byte-pair-encoding,
  title        = {The Modern Tokenization Stack for NLP: Byte Pair Encoding},
  author       = {LucyTalks},
  howpublished = {\url{https://lucytalksdata.com/the-modern-tokenization-stack-for-nlp-byte-pair-encoding}},
  note         = {[Online; accessed ]},
  year         = {2022}
}


@misc{gptj,
  author       = {Wang, Ben and Komatsuzaki, Aran},
  title        = {{GPT-J-6B: A 6 Billion Parameter Autoregressive Language Model}},
  howpublished = {\url{https://github.com/kingoflolz/mesh-transformer-jax}},
  year         = 2021,
  month        = May
}

@article{gao2020pile,
  title   = {The pile: An 800gb dataset of diverse text for language modeling},
  author  = {Gao, Leo and Biderman, Stella and Black, Sid and Golding, Laurence and Hoppe, Travis and Foster, Charles and Phang, Jason and He, Horace and Thite, Anish and Nabeshima, Noa and others},
  journal = {arXiv preprint arXiv:2101.00027},
  year    = {2020}
}

@article{bellovin2019privacy,
  title     = {Privacy and synthetic datasets},
  author    = {Bellovin, Steven M and Dutta, Preetam K and Reitinger, Nathan},
  journal   = {Stan. Tech. L. Rev.},
  volume    = {22},
  pages     = {1},
  year      = {2019},
  publisher = {HeinOnline}
}

@article{chen2017learning,
  title   = {Learning discrete Bayesian networks from continuous data},
  author  = {Chen, Yi-Chun and Wheeler, Tim A and Kochenderfer, Mykel J},
  journal = {Journal of Artificial Intelligence Research},
  volume  = {59},
  pages   = {103--132},
  year    = {2017}
}

@article{pilan2022text,
  title   = {The text anonymization benchmark (tab): A dedicated corpus and evaluation framework for text anonymization},
  author  = {Pil{\'a}n, Ildik{\'o} and Lison, Pierre and {\O}vrelid, Lilja and Papadopoulou, Anthi and S{\'a}nchez, David and Batet, Montserrat},
  journal = {arXiv preprint arXiv:2202.00443},
  year    = {2022}
}

@article{radford2019language,
  title   = {Language models are unsupervised multitask learners},
  author  = {Radford, Alec and Wu, Jeffrey and Child, Rewon and Luan, David and Amodei, Dario and Sutskever, Ilya and others},
  journal = {OpenAI blog},
  volume  = {1},
  number  = {8},
  pages   = {9},
  year    = {2019}
}